<record><leader>00000cas a22000007a 4500</leader><controlfield tag="001">16651888</controlfield><controlfield tag="008">870908d19651970pauwr ne      0    0eng d</controlfield><datafield ind1=" " ind2=" " tag="010"><subfield code="a">sn 87078590 </subfield></datafield><datafield ind1=" " ind2=" " tag="040"><subfield code="a">NPH</subfield><subfield code="b">eng</subfield><subfield code="c">NPH</subfield><subfield code="d">OCLCQ</subfield></datafield><datafield ind1=" " ind2=" " tag="042"><subfield code="a">msc</subfield></datafield><datafield ind1="0" ind2=" " tag="130"><subfield code="a">Weekly advertiser (Royersford, Pa. : 1965)</subfield></datafield><datafield ind1="1" ind2="4" tag="245"><subfield code="a">The weekly advertiser.</subfield></datafield><datafield ind1=" " ind2=" " tag="260"><subfield code="a">Royersford, Pa. :</subfield><subfield code="b">Robert E. Peifer,</subfield><subfield code="c">1965-1970.</subfield></datafield><datafield ind1=" " ind2=" " tag="300"><subfield code="a">v.</subfield></datafield><datafield ind1=" " ind2=" " tag="310"><subfield code="a">Weekly</subfield></datafield><datafield ind1="0" ind2=" " tag="362"><subfield code="a">75th yr., no. 3905 (Feb. 18, 1965)-79th yr., no. 4199 (Oct. 29, 1970).</subfield></datafield><datafield ind1=" " ind2=" " tag="500"><subfield code="a">Published also in Spring City, Pa.</subfield></datafield><datafield ind1=" " ind2=" " tag="580"><subfield code="a">Also published in a Phoenixville edition called: Phoenix area news.</subfield></datafield><datafield ind1=" " ind2=" " tag="752"><subfield code="a">United States</subfield><subfield code="b">Pennsylvania</subfield><subfield code="c">Montgomery</subfield><subfield code="d">Royersford.</subfield></datafield><datafield ind1=" " ind2=" " tag="752"><subfield code="a">United States</subfield><subfield code="b">Pennsylvania</subfield><subfield code="c">Chester</subfield><subfield code="d">Spring City.</subfield></datafield><datafield ind1="1" ind2=" " tag="775"><subfield code="t">Phoenix area news</subfield><subfield code="w">(DLC)sn 87078517</subfield></datafield><datafield ind1="0" ind2="0" tag="780"><subfield code="t">Twin borough weekly advertiser</subfield><subfield code="w">(DLC)sn 87078511</subfield></datafield><datafield ind1="0" ind2="7" tag="785"><subfield code="t">Inter-borough press (Spring City, Pa. : 1934)</subfield><subfield code="w">(DLC)sn 87078586</subfield></datafield><datafield ind1="0" ind2="7" tag="785"><subfield code="t">Reporter of the Spring-ford area</subfield><subfield code="w">(DLC)sn 87078516</subfield></datafield></record>